@misc{contributorstowikimediaprojects_2003_units,
  author = {Contributors to Wikimedia projects},
  month = {10},
  publisher = {Wikimedia Foundation, Inc.},
  title = {Units of Measurement},
  url = {https://simple.wikipedia.org/wiki/Unit_of_measurement},
  urldate = {2019-11-22},
  year = {2003},
  organization = {Wikipedia.org}
}